<collection xmlns="http://www.loc.gov/MARC21/slim">
<record>
  <leader>00638ncm0a22001811i 450 </leader>
  <controlfield tag="001">IT\ICCU\CNCE\045277</controlfield>
  <controlfield tag="005">20061117000000.0</controlfield>
  <datafield tag="100" ind1=" " ind2=" ">
    <subfield code="a">19990109d1587        0itac0103    ba</subfield>
  </datafield>
  <datafield tag="101" ind1=" " ind2=" ">
    <subfield code="a">ITA</subfield>
  </datafield>
  <datafield tag="102" ind1=" " ind2=" ">
    <subfield code="a">IT</subfield>
  </datafield>
  <datafield tag="200" ind1="1" ind2=" ">
    <subfield code="a">Canzonette di Livio Rezzano da Como, libro primo a tre voci</subfield>
  </datafield>
  <datafield tag="210" ind1=" " ind2=" ">
    <subfield code="a">Milano</subfield>
    <subfield code="c">Francesco Tini e eredi di Simone Tini</subfield>
    <subfield code="d">1587</subfield>
  </datafield>
  <datafield tag="300" ind1=" " ind2=" ">
    <subfield code="a">URFM</subfield>
  </datafield>
  <datafield tag="620" ind1=" " ind2=" ">
    <subfield code="a">IT</subfield>
    <subfield code="d">Milano</subfield>
  </datafield>
  <datafield tag="700" ind1=" " ind2="1">
    <subfield code="a">Rezzano,</subfield>
    <subfield code="b">Livio</subfield>
    <subfield code="3">IT\ICCU\CNCA\011893</subfield>
  </datafield>
  <datafield tag="712" ind1="0" ind2="0">
    <subfield code="a">Tini, Francesco &amp; Tini, Simone - eredi</subfield>
    <subfield code="3">IT\ICCU\CNCT\001155</subfield>
    <subfield code="4">650</subfield>
  </datafield>
  <datafield tag="791" ind1="0" ind2="0">
    <subfield code="a">Tini, Simone - eredi</subfield>
    <subfield code="3">IT\ICCU\CNCT\001156</subfield>
    <subfield code="z">Tini, Francesco &amp; Tini, Simone - eredi</subfield>
  </datafield>
  <datafield tag="801" ind1=" " ind2="3">
    <subfield code="a">IT</subfield>
    <subfield code="b">ICCU</subfield>
    <subfield code="c">20201114</subfield>
  </datafield>
</record>
</collection>
